@article{brown,
  title={Automatic panoramic image stitching using invariant features},
  author={Brown, Matthew and Lowe, David G},
  journal={International journal of computer vision},
  volume={74},
  number={1},
  pages={59--73},
  year={2007},
  publisher={Springer}
}

@article{ransac,
  title={Random sample consensus: a paradigm for model fitting with applications to image analysis and automated cartography},
  author={Fischler, Martin A and Bolles, Robert C},
  journal={Communications of the ACM},
  volume={24},
  number={6},
  pages={381--395},
  year={1981},
  publisher={ACM}
}

@article{snavely,
  title={Photo tourism: exploring photo collections in 3D},
  author={Snavely, Noah and Seitz, Steven M and Szeliski, Richard},
  journal={ACM transactions on graphics (TOG)},
  volume={25},
  number={3},
  pages={835--846},
  year={2006},
  publisher={ACM}
}

@article{sba,
  title={SBA: A software package for generic sparse bundle adjustment},
  author={Lourakis, Manolis IA and Argyros, Antonis A},
  journal={ACM Transactions on Mathematical Software (TOMS)},
  volume={36},
  number={1},
  pages={2},
  year={2009},
  publisher={ACM}
}

@article{furukawa,
  title={Accurate, dense, and robust multiview stereopsis},
  author={Furukawa, Yasutaka and Ponce, Jean},
  journal={Pattern Analysis and Machine Intelligence, IEEE Transactions on},
  volume={32},
  number={8},
  pages={1362--1376},
  year={2010},
  publisher={IEEE}
}

@article{spacecarving,
  title={A theory of shape by space carving},
  author={Kutulakos, Kiriakos N and Seitz, Steven M},
  journal={International Journal of Computer Vision},
  volume={38},
  number={3},
  pages={199--218},
  year={2000},
  publisher={Springer}
}

@article{sgm,
  title={Stereo processing by semiglobal matching and mutual information},
  author={Hirschmuller, Heiko},
  journal={Pattern Analysis and Machine Intelligence, IEEE Transactions on},
  volume={30},
  number={2},
  pages={328--341},
  year={2008},
  publisher={IEEE}
}

@article{taxonomy,
  title={A taxonomy and evaluation of dense two-frame stereo correspondence algorithms},
  author={Scharstein, Daniel and Szeliski, Richard},
  journal={International journal of computer vision},
  volume={47},
  number={1-3},
  pages={7--42},
  year={2002},
  publisher={Springer}
}

@inproceedings{fuse,
  title={Fusion of depth maps with multiple scales},
  author={Fuhrmann, Simon and Goesele, Michael},
  booktitle={ACM Transactions on Graphics (TOG)},
  volume={30},
  number={6},
  pages={148},
  year={2011},
  organization={ACM}
}

@inproceedings{middlebury,
  title={A comparison and evaluation of multi-view stereo reconstruction algorithms},
  author={Seitz, Steven M and Curless, Brian and Diebel, James and Scharstein, Daniel and Szeliski, Richard},
  booktitle={Computer vision and pattern recognition, 2006 IEEE Computer Society Conference on},
  volume={1},
  pages={519--528},
  year={2006},
  organization={IEEE}
}

@inproceedings{poisson,
  title={Poisson Surface Reconstruction},
  author={Kazhdan, Micheal and Bolitho Matthew, and Hoppe Hugues},
  booktitle={Geometry Processing, 2006 Eurographics Symposium on},
}

@inproceedings{mesh_opt,
  title={Mesh Optimization},
  author={Hoppe, Hugues and Tony Derose and Tom Duchamp and John McDonald and Werner Stuetzle},
  booktitle={Proceedings of the 20th annual conference on Computer Graphics and interactive technologies},
  year={1993},
  organization={ACM}
}

@inproceedings{surface_review,
  title={Surface Reconstruction Algorithms: Review and Comparison},
  author={Tang, Renoald and Setan Halim and Majid Zulkepli},
  booktitle={Proceedings of the 20th annual conference on Computer Graphics and interactive technologies},
  year={2013},
  organization={ISDE}
}

@book{szeliski2010computer,
  title={Computer vision: algorithms and applications},
  author={Szeliski, Richard},
  year={2010},
  publisher={Springer}
}

@book{hoppe1992surface,
  title={Surface reconstruction from unorganized points},
  author={Hoppe, Hugues and DeRose, Tony and Duchamp, Tom and McDonald, John and Stuetzle, Werner},
  volume={26},
  number={2},
  year={1992},
  publisher={ACM}
}

@misc{unity,
  title = {Unity3D - Game Engine},
  howpublished = {\url{http://www.unity3d.com}},
} 
}